 
 @article{Jhon,
  title = {An interactive web-based dashboard to track COVID-19 in real time},
  author = {Dong, E. and Du, H. and Gardner, L.},
  journal = {Lancet Infect Dis},
  year = {2020}
 }

 @article{Oxford,
	title = {Oxford COVID-19 Government Response Tracker, Blavatnik School of Government},
	author = {Thomas, H. and Webster, S. and Petherick, A. and Phillips, T. and Kira, B.},
	journal = {Data use policy: Creative Commons Attribution CC BY standard},
	year = {2020}
}

 @article{Guidotti,
	title = {COVID-19 Data Hub},
	author = {Guidotti, E. and Ardia, D.},
	journal = {Working paper, doi: 10.13140/RG.2.2.11649.81763},
	year = {2020}
}

@book{Hardin,
	title =     {Generalized Linear Models and Extensions},
	author =    {Hardin, J. W. and Hilbe, J. M.},
	publisher = {Stata Press},
	isbn =      {1597182257},
	year =      {2018},
	edition =   {4}
	}
	
 @article{glmmTMB,
	title = {glmmTMB balances speed and flexibility among packages for zero-inflated generalized linear mixed modeling},
	author = {Brooks, M. E. and Kristensen, K. and van Benthem, K. J. and Magnusson, A. and Berg, C. W. and Nielsen, A. and Skaug, H. J. and Mächler, M. and Bolker, B.},
	journal = {The R Journal},
	volume = {9},
	number = {2},
	pages = {378--400}
}	

 @article{Nakagawa,
	title = {A general and simple method for obtaining $R^2$ from generalized linear mixed‐effects models},
	author = {Nakagawa, S. and Schielzeth, H.},
	journal = {Methods in Ecology and Evolution},
	year = {2013},
	volume = {4},
	number = {2},
	pages = {133--142}
}
